@book{stein2011functional,
  title={Functional Analysis: Introduction to Further Topics in Analysis},
  author={Stein, E.M. and Shakarchi, R.},
  isbn={9780691113876},
  lccn={2011020971},
  series={Princeton lectures in analysis},
  url={https://books.google.com.hk/books?id=nQ18VTK\_tSYC},
  year={2011},
  pages={16-21},
  note={pp.16-21},
  publisher={Princeton University Press}
}
@book{bishop2006pattern,
  title={Pattern Recognition and Machine Learning},
  author={Bishop, C.M.},
  isbn={9780387310732},
  lccn={2006922522},
  series={Information Science and Statistics},
  url={https://books.google.com.hk/books?id=kTNoQgAACAAJ},
  year={2006},
  pages={325-338},
  note={pp.325-338},
  publisher={Springer}
}

@article{cortes1995support,
  title={Support-vector networks},
  author={Cortes, Corinna and Vapnik, Vladimir},
  journal={Machine learning},
  volume={20},
  number={3},
  pages={273--297},
  year={1995},
  publisher={Springer}
}

@Article{Seidel1991,
author="Seidel, Raimund",
title="Small-dimensional linear programming and convex hulls made easy",
journal="Discrete {\&} Computational Geometry",
year="1991",
month="Sep",
day="01",
volume="6",
number="3",
pages="423--434",
abstract="We present two randomized algorithms. One solves linear programs involvingm constraints ind variables in expected timeO(m). The other constructs convex hulls ofn points in ℝd,d>3, in expected timeO(n[d/2]). In both boundsd is considered to be a constant. In the linear programming algorithm the dependence of the time bound ond is of the formd!. The main virtue of our results lies in the utter simplicity of the algorithms as well as their analyses.",
issn="1432-0444",
doi="10.1007/BF02574699",
url="https://doi.org/10.1007/BF02574699"
}
@book{bertsekas2009convex,
  title={Convex Optimization Theory},
  author={Bertsekas, D.P.},
  isbn={9781886529311},
  series={Athena Scientific optimization and computation series},
  url={https://books.google.com.hk/books?id=0H1iQwAACAAJ},
  year={2009},
  pages={67-80},
  note={pp.67-80},
  publisher={Athena Scientific}
}
@book{cormen2009introduction,
  title={Introduction to Algorithms, 3rd Edition: },
  author={Cormen, T.H.},
  isbn={9780262033848},
  lccn={2009008593},
  url={https://books.google.com.hk/books?id=0BoNBQAAQBAJ},
  year={2009},
  pages={1029-1038},
  note={pp.1029-1038},
  publisher={MIT Press}
}
@article{Kirkpatrick:1986:UPC:13535.13555,
 author = {Kirkpatrick, David G and Seidel, Raimund},
 title = {The Ultimate Planar Convex Hull Algorithm},
 journal = {SIAM J. Comput.},
 issue_date = {Feb. 1986},
 volume = {15},
 number = {1},
 month = feb,
 year = {1986},
 issn = {0097-5397},
 pages = {287--299},
 numpages = {13},
 url = {http://dx.doi.org/10.1137/0215021},
 doi = {10.1137/0215021},
 acmid = {13555},
 publisher = {Society for Industrial and Applied Mathematics},
 address = {Philadelphia, PA, USA},
} 
@misc{9520,
 author = {Lorenzo Rosasco},
 title = {Class 05: Logistic Regression and Support Vector Machines},
 howpublished = {Available at \url{http://www.mit.edu/~9.520/fall18/slides/Class05_LogisticsSVM.pdf} (2018/09/19)}
}

@MISC {625624,
    author = {Post No Bulls (https://math.stackexchange.com/users/111742/post-no-bulls)},
    title = {Prove Convex Hull of Minkowski sum},
    howpublished = {Available at \url{https://math.stackexchange.com/q/625624} (2014/01/03)}
}
@inproceedings{Guibas:1986:CCR:10515.10525,
 author = {Guibas, L and Seidel, R},
 title = {Computing Convolutions by Reciprocal Search},
 booktitle = {Proceedings of the Second Annual Symposium on Computational Geometry},
 series = {SCG '86},
 year = {1986},
 isbn = {0-89791-194-6},
 location = {Yorktown Heights, New York, USA},
 pages = {90--99},
 numpages = {10},
 url = {http://doi.acm.org/10.1145/10515.10525},
 doi = {10.1145/10515.10525},
 acmid = {10525},
 publisher = {ACM},
 address = {New York, NY, USA},
} 
@inproceedings{joachims1998text,
  title={Text categorization with support vector machines: Learning with many relevant features},
  author={Joachims, Thorsten},
  booktitle={European conference on machine learning},
  pages={137--142},
  year={1998},
  organization={Springer}
}
@inproceedings{lin2011large,
  title={Large-scale image classification: fast feature extraction and svm training},
  author={Lin, Yuanqing and Lv, Fengjun and Zhu, Shenghuo and Yang, Ming and Cour, Timothee and Yu, Kai and Cao, Liangliang and Huang, Thomas},
  booktitle={Computer Vision and Pattern Recognition (CVPR), 2011 IEEE Conference on},
  pages={1689--1696},
  year={2011},
  organization={IEEE}
}